<?xml version="1.0" encoding="UTF-8"?><collection xmlns="http://www.loc.gov/MARC21/slim"><record><leader>00395nam--2200145-i-4500</leader><controlfield tag="001">000009298</controlfield><controlfield tag="002">20161230</controlfield><controlfield tag="005">20161230201028</controlfield><controlfield tag="008">060222s1000------------r-----000-0-eng-d</controlfield><datafield ind1=" " ind2=" " tag="100"><subfield code="a">Cunningham, John</subfield></datafield><datafield ind1=" " ind2=" " tag="245"><subfield code="a">Complex variable methods in science and technology</subfield></datafield><datafield ind1=" " ind2=" " tag="260"><subfield code="a">London, D.Van Nostrand Co.Ltd., 1965</subfield></datafield><datafield ind1=" " ind2=" " tag="300"><subfield code="a">VIII+178P</subfield></datafield><datafield ind1=" " ind2=" " tag="852"><subfield code="a">32887</subfield><subfield code="c">517.5</subfield></datafield><datafield ind1=" " ind2=" " tag="CAT"><subfield code="a">Sys</subfield><subfield code="c">20080804</subfield><subfield code="h">093645</subfield></datafield></record></collection>